[{"groupID": 1, "search_string": "milk", "products": [{"brand": "Sealtest", "name": "Sealtest 2% Milk Partly Skimmed 4 L", "total_price": "5.89", "unit_price": "0.15", "is_available": true, "image_link": "https://voila.ca/images-v3/2d92d19c-0354-49c0-8a91-5260ed0bf531/2cc522f6-3dda-4023-82a5-6c503c7412a1/300x300.jpg", "merchant": "Safeway", "storeID": "", "size": {"amount": "4L", "unit": "L"}, "merchant_productId": "4f374819-fe11-4b82-9e66-5d0a59d0e2f4"}, {"name": "Sealtest Partly Skimmed 2% Milk", "size": {"amount": "4", "unit": "L"}, "merchant_productId": "6000199044831", "total_price": "$5 - $10", "brand": "Sealtest", "merchant": "Walmart", "onlineAvailable": "Out of Stock Online", "inStoreAvailable": "Sold in Stores", "image_link": "https://i5.walmartimages.com/asr/b3a6f68b-48ac-44da-8792-d13a6fa95971.5add978c141ca5cd282151dc82ef7fd5.jpeg?odnHeight=180&odnWidth=180&odnBg=ffffff", "storeID": "", "unit_price": "Need exact Price"}]}, {"groupID": 2, "search_string": "milk", "products": [{"brand": "Natrel", "name": "Natrel 2% Milk Partly Skimmed 2 L", "total_price": "5.59", "unit_price": "0.28", "is_available": true, "image_link": "https://voila.ca/images-v3/2d92d19c-0354-49c0-8a91-5260ed0bf531/715a3edc-fd7c-46c8-a2eb-26d7cb68ee5a/300x300.jpg", "merchant": "Safeway", "storeID": "", "size": {"amount": "2L", "unit": "L"}, "merchant_productId": "f19e4af7-388e-4170-97d2-209f511a0e57"}]}, {"groupID": 3, "search_string": "milk", "products": [{"brand": "Sealtest", "name": "Sealtest 1% Milk Partly Skimmed 4 L", "total_price": "5.89", "unit_price": "0.15", "is_available": true, "image_link": "https://voila.ca/images-v3/2d92d19c-0354-49c0-8a91-5260ed0bf531/5221924d-bfae-4598-8832-699cf8a745a5/300x300.jpg", "merchant": "Safeway", "storeID": "", "size": {"amount": "4L", "unit": "L"}, "merchant_productId": "2670072c-969e-4d00-9d36-97036bcc63fa"}, {"name": "Sealtest Partly Skimmed 2% Milk", "size": {"amount": "4", "unit": "L"}, "merchant_productId": "6000199044831", "total_price": "$5 - $10", "brand": "Sealtest", "merchant": "Walmart", "onlineAvailable": "Out of Stock Online", "inStoreAvailable": "Sold in Stores", "image_link": "https://i5.walmartimages.com/asr/b3a6f68b-48ac-44da-8792-d13a6fa95971.5add978c141ca5cd282151dc82ef7fd5.jpeg?odnHeight=180&odnWidth=180&odnBg=ffffff", "storeID": "", "unit_price": "Need exact Price"}]}, {"groupID": 4, "search_string": "milk", "products": [{"brand": "Sealtest", "name": "Sealtest 3.25% Milk Homogenized  4 L", "total_price": "6.89", "unit_price": "0.17", "is_available": true, "image_link": "https://voila.ca/images-v3/2d92d19c-0354-49c0-8a91-5260ed0bf531/0b38dbf8-d110-4446-9139-3e6f22d81521/300x300.jpg", "merchant": "Safeway", "storeID": "", "size": {"amount": "4L", "unit": "L"}, "merchant_productId": "51419347-0f8d-44ee-920d-268c72d0089f"}, {"name": "Sealtest Homogenized 3.25% Milk", "size": {"amount": "4", "unit": "L"}, "merchant_productId": "6000199047981", "total_price": "$5 - $10", "brand": "Sealtest", "merchant": "Walmart", "onlineAvailable": "Out of Stock Online", "inStoreAvailable": "Sold in Stores", "image_link": "https://i5.walmartimages.com/asr/edb69d2c-5e79-4a36-828d-b9857acc85aa.0f4fab962b5bdff5de309e4570f0f52a.jpeg?odnHeight=180&odnWidth=180&odnBg=ffffff", "storeID": "", "unit_price": "Need exact Price"}]}, {"groupID": 5, "search_string": "milk", "products": [{"brand": "Natrel", "name": "Natrel 1% Milk Partly Skimmed 2 L", "total_price": "5.59", "unit_price": "0.28", "is_available": true, "image_link": "https://voila.ca/images-v3/2d92d19c-0354-49c0-8a91-5260ed0bf531/92e2af06-d743-44c8-9937-d6000fe1dfc9/300x300.jpg", "merchant": "Safeway", "storeID": "", "size": {"amount": "2L", "unit": "L"}, "merchant_productId": "f246151d-d414-49cc-a104-26bd32abe2d4"}]}, {"groupID": 6, "search_string": "milk", "products": [{"brand": "Natrel", "name": "Natrel  2% Milk  Partly Skimmed 4 L", "total_price": "6.59", "unit_price": "0.16", "is_available": true, "image_link": "https://voila.ca/images-v3/2d92d19c-0354-49c0-8a91-5260ed0bf531/ded51254-484b-48ef-b02e-b3526cb82252/300x300.jpg", "merchant": "Safeway", "storeID": "", "size": {"amount": "4L", "unit": "L"}, "merchant_productId": "15f2af1b-cccb-47e6-97eb-24171731be68"}]}, {"groupID": 7, "search_string": "milk", "products": [{"brand": "Sealtest", "name": "Sealtest 2% Milk Partly Skimmed 1 L", "total_price": "3.59", "unit_price": "0.36", "is_available": true, "image_link": "https://voila.ca/images-v3/2d92d19c-0354-49c0-8a91-5260ed0bf531/5598d3f3-7b62-48e5-96cc-1cebdb55ad02/300x300.jpg", "merchant": "Safeway", "storeID": "", "size": {"amount": "1000ml", "unit": "ml"}, "merchant_productId": "56c775e4-dfc6-42ba-9183-addeecd6fa31"}, {"name": "Sealtest Partly Skimmed 1% Milk", "size": {"amount": "4", "unit": "L"}, "merchant_productId": "6000199044319", "total_price": "$5 - $10", "brand": "Sealtest", "merchant": "Walmart", "onlineAvailable": "Out of Stock Online", "inStoreAvailable": "Sold in Stores", "image_link": "https://i5.walmartimages.com/asr/ee9c33db-4fd9-43fc-97d7-36c1703f2dec.8a3c5c36c879a5619e7d0efb293d3bbd.jpeg?odnHeight=180&odnWidth=180&odnBg=ffffff", "storeID": "", "unit_price": "Need exact Price"}]}, {"groupID": 8, "search_string": "milk", "products": [{"brand": "Natrel", "name": "Natrel 3.25% Milk Homogenized 2 L", "total_price": "5.89", "unit_price": "0.29", "is_available": true, "image_link": "https://voila.ca/images-v3/2d92d19c-0354-49c0-8a91-5260ed0bf531/e828cec9-c819-4e5d-af2e-6e0fe8929bf8/300x300.jpg", "merchant": "Safeway", "storeID": "", "size": {"amount": "2L", "unit": "L"}, "merchant_productId": "e4aaa3e8-e264-4f4e-86de-caa3a23e9462"}, {"brand": "Natrel", "name": "Lactose Free Homogenized Milk", "total_price": 6.49, "unit_price": 0.32, "is_avalible": true, "merchant": "nofrills", "merchant_productId": "20838388", "image_link": "https://assets.shop.loblaws.ca/products/20838388/b1/en/front/20838388_front_a01_@2.png", "storeID": "", "size": {"amount": "2 l", "unit": "l"}}, {"name": "Natrel Fine-filtered 3.25% Homogenized Milk", "size": {"amount": "4", "unit": "L"}, "merchant_productId": "6000100070594", "total_price": "$5 - $10", "brand": "Natrel", "merchant": "Walmart", "onlineAvailable": "Out of Stock Online", "inStoreAvailable": "Sold in Stores", "image_link": "https://i5.walmartimages.com/asr/991ae9bb-0947-4890-b635-c4b3accf1b19.360a36164016a9207bdc86631fcffe3c.jpeg?odnHeight=180&odnWidth=180&odnBg=ffffff", "storeID": "", "unit_price": "Need exact Price"}]}, {"groupID": 9, "search_string": "milk", "products": [{"brand": "Natrel", "name": "Natrel Lactose-Free 2% Milk 2 L", "total_price": "6.39", "unit_price": "0.32", "is_available": true, "image_link": "https://voila.ca/images-v3/2d92d19c-0354-49c0-8a91-5260ed0bf531/f4d21a66-5861-498b-9b1c-4ea9b449ae3f/300x300.jpg", "merchant": "Safeway", "storeID": "", "size": {"amount": "2L", "unit": "L"}, "merchant_productId": "f33243b5-cebb-4989-b3b6-853fe6ac5ae3"}, {"brand": "Natrel", "name": "Lactose Free Homogenized Milk", "total_price": 6.49, "unit_price": 0.32, "is_avalible": true, "merchant": "nofrills", "merchant_productId": "20838388", "image_link": "https://assets.shop.loblaws.ca/products/20838388/b1/en/front/20838388_front_a01_@2.png", "storeID": "", "size": {"amount": "2 l", "unit": "l"}}, {"brand": "Natrel", "name": "3.25% Lactose Free Enriched Milk", "total_price": 6.99, "unit_price": 0.35, "is_avalible": true, "merchant": "superstore", "merchant_productId": "21443660", "image_link": "https://assets.shop.loblaws.ca/products/21443660/b1/en/front/21443660_front_a01_@2.png", "storeID": "", "size": {"amount": "2 l", "unit": "l"}}, {"name": "Natrel Lactose Free 2%", "size": {"amount": "2", "unit": "L"}, "merchant_productId": "6000100070546", "total_price": "$5 - $10", "brand": "Natrel", "merchant": "Walmart", "onlineAvailable": "Out of Stock Online", "inStoreAvailable": "Sold in Stores", "image_link": "https://i5.walmartimages.com/asr/946b3db0-2a5c-4616-97cd-fa75b47474f6.db686a0237d775ce6f891dc477689b37.jpeg?odnHeight=180&odnWidth=180&odnBg=ffffff", "storeID": "", "unit_price": "Need exact Price"}]}, {"groupID": 10, "search_string": "milk", "products": [{"brand": "Sealtest", "name": "Sealtest 2% Milk Partly Skimmed 2 L", "total_price": "5.19", "unit_price": "0.26", "is_available": true, "image_link": "https://voila.ca/images-v3/2d92d19c-0354-49c0-8a91-5260ed0bf531/c5d953ce-9547-426b-b56a-d2cdccb4eede/300x300.jpg", "merchant": "Safeway", "storeID": "", "size": {"amount": "2L", "unit": "L"}, "merchant_productId": "8211ddf6-4cda-4d8d-8c9b-b7e65c601604"}, {"name": "Sealtest Partly Skimmed 2% Milk", "size": {"amount": "4", "unit": "L"}, "merchant_productId": "6000199044831", "total_price": "$5 - $10", "brand": "Sealtest", "merchant": "Walmart", "onlineAvailable": "Out of Stock Online", "inStoreAvailable": "Sold in Stores", "image_link": "https://i5.walmartimages.com/asr/b3a6f68b-48ac-44da-8792-d13a6fa95971.5add978c141ca5cd282151dc82ef7fd5.jpeg?odnHeight=180&odnWidth=180&odnBg=ffffff", "storeID": "", "unit_price": "Need exact Price"}]}, {"groupID": 11, "search_string": "milk", "products": [{"brand": "FAIRLIFE", "name": "Fairlife Lactose-Free 2%  Milk Ultrafiltered Partly Skimmed 1.5 L (Bottle)", "total_price": "5.59", "unit_price": "0.37", "is_available": true, "image_link": "https://voila.ca/images-v3/2d92d19c-0354-49c0-8a91-5260ed0bf531/fe347366-d366-4aff-a400-80cf8b9e2a4d/300x300.jpg", "merchant": "Safeway", "storeID": "", "size": {"amount": "1.5L", "unit": "L"}, "merchant_productId": "452b498b-80b6-4855-9578-c86f07434505"}, {"brand": "Fairlife", "name": "Lactose Free Skim Ultrafiltered Milk", "total_price": 5.49, "unit_price": 0.37, "is_avalible": true, "merchant": "nofrills", "merchant_productId": "21128364", "image_link": "https://assets.shop.loblaws.ca/products/21128364/b1/en/front/21128364_front_a01_@2.png", "storeID": "", "size": {"amount": "1.5 l", "unit": "l"}}, {"brand": "Fairlife", "name": "Lactose Free 2% Partly Skimmed Ultrafiltered Milk", "total_price": 5.79, "unit_price": 0.39, "is_avalible": true, "merchant": "superstore", "merchant_productId": "21128369", "image_link": "https://assets.shop.loblaws.ca/products/21128369/b1/en/front/21128369_front_a01_@2.png", "storeID": "", "size": {"amount": "1.5 l", "unit": "l"}}, {"name": "fairlife 2% Ultrafiltered Milk 1.5L Bottle", "size": {"amount": "1.5", "unit": "x"}, "merchant_productId": "6000198824294", "total_price": "$5 - $10", "brand": "fairlife", "merchant": "Walmart", "onlineAvailable": "Out of Stock Online", "inStoreAvailable": "Sold in Stores", "image_link": "https://i5.walmartimages.com/asr/ac21d463-6cfb-4d0b-a4e4-f916361c5a9d.0b4d0f83cbafedefa9c821a3f50ad422.jpeg?odnHeight=180&odnWidth=180&odnBg=ffffff", "storeID": "", "unit_price": "Need exact Price"}]}, {"groupID": 12, "search_string": "milk", "products": [{"brand": "Natrel", "name": "Natrel 1% Milk Partly Skimmed 4 L", "total_price": "6.59", "unit_price": "0.16", "is_available": true, "image_link": "https://voila.ca/images-v3/2d92d19c-0354-49c0-8a91-5260ed0bf531/f3e82cf6-2cd5-48f9-a2d3-3810ad32e85f/300x300.jpg", "merchant": "Safeway", "storeID": "", "size": {"amount": "4L", "unit": "L"}, "merchant_productId": "2dc963f7-8785-4762-b635-38ccf572c298"}]}, {"groupID": 13, "search_string": "milk", "products": [{"brand": "Natrel", "name": "Natrel 2% Milk Fine-Filtered 1 L", "total_price": "4.29", "unit_price": "0.43", "is_available": true, "image_link": "https://voila.ca/images-v3/2d92d19c-0354-49c0-8a91-5260ed0bf531/fb299c58-1060-4d2e-86ac-3999e864f1d8/300x300.jpg", "merchant": "Safeway", "storeID": "", "size": {"amount": "1L", "unit": "L"}, "merchant_productId": "0d0a1a2e-8580-4fba-b6d6-0c9b5e5cad76"}, {"name": "Natrel Fine-filtered 1% Milk", "size": {"amount": "4", "unit": "L"}, "merchant_productId": "6000100071231", "total_price": "$5 - $10", "brand": "Natrel", "merchant": "Walmart", "onlineAvailable": "Out of Stock Online", "inStoreAvailable": "Sold in Stores", "image_link": "https://i5.walmartimages.com/asr/b02958dc-f09c-491f-b33d-69217c33bb2f.23dbcef3c75bb881203d2c4ca65d4c74.jpeg?odnHeight=180&odnWidth=180&odnBg=ffffff", "storeID": "", "unit_price": "Need exact Price"}]}, {"groupID": 14, "search_string": "milk", "products": [{"brand": "Sealtest", "name": "Sealtest Fat-Free 0% Skim Milk 4 L", "total_price": "5.89", "unit_price": "0.15", "is_available": true, "image_link": "https://voila.ca/images-v3/2d92d19c-0354-49c0-8a91-5260ed0bf531/09f5b91c-cfbd-4005-8de3-9644764ee1c2/300x300.jpg", "merchant": "Safeway", "storeID": "", "size": {"amount": "4L", "unit": "L"}, "merchant_productId": "6c9ce923-6b28-43bf-88f7-f8a36ed9432b"}, {"name": "Sealtest Partly Skimmed 2% Milk", "size": {"amount": "4", "unit": "L"}, "merchant_productId": "6000199044831", "total_price": "$5 - $10", "brand": "Sealtest", "merchant": "Walmart", "onlineAvailable": "Out of Stock Online", "inStoreAvailable": "Sold in Stores", "image_link": "https://i5.walmartimages.com/asr/b3a6f68b-48ac-44da-8792-d13a6fa95971.5add978c141ca5cd282151dc82ef7fd5.jpeg?odnHeight=180&odnWidth=180&odnBg=ffffff", "storeID": "", "unit_price": "Need exact Price"}]}, {"groupID": 15, "search_string": "milk", "products": [{"brand": "Natrel", "name": "Natrel 3.25% Milk Homogenized Fine-Filtered 4 L", "total_price": "7.59", "unit_price": "0.19", "is_available": true, "image_link": "https://voila.ca/images-v3/2d92d19c-0354-49c0-8a91-5260ed0bf531/a82e9902-610d-499d-b8c7-6c7c6094bd79/300x300.jpg", "merchant": "Safeway", "storeID": "", "size": {"amount": "4L", "unit": "L"}, "merchant_productId": "b470b794-4fcb-49f5-9f57-04b49e246b50"}, {"brand": "Natrel", "name": "Lactose Free Homogenized Milk", "total_price": 6.49, "unit_price": 0.32, "is_avalible": true, "merchant": "nofrills", "merchant_productId": "20838388", "image_link": "https://assets.shop.loblaws.ca/products/20838388/b1/en/front/20838388_front_a01_@2.png", "storeID": "", "size": {"amount": "2 l", "unit": "l"}}, {"name": "Natrel Fine-filtered 3.25% Homogenized Milk", "size": {"amount": "4", "unit": "L"}, "merchant_productId": "6000100070594", "total_price": "$5 - $10", "brand": "Natrel", "merchant": "Walmart", "onlineAvailable": "Out of Stock Online", "inStoreAvailable": "Sold in Stores", "image_link": "https://i5.walmartimages.com/asr/991ae9bb-0947-4890-b635-c4b3accf1b19.360a36164016a9207bdc86631fcffe3c.jpeg?odnHeight=180&odnWidth=180&odnBg=ffffff", "storeID": "", "unit_price": "Need exact Price"}]}, {"groupID": 16, "search_string": "milk", "products": [{"brand": "Natrel", "name": "Natrel Lactose-Free 1% Milk 2 L", "total_price": "6.39", "unit_price": "0.32", "is_available": true, "image_link": "https://voila.ca/images-v3/2d92d19c-0354-49c0-8a91-5260ed0bf531/7a105050-9919-4ebb-94b5-eb84644a3985/300x300.jpg", "merchant": "Safeway", "storeID": "", "size": {"amount": "2L", "unit": "L"}, "merchant_productId": "0d120f39-9741-4f34-9f03-2bc0c57964bd"}, {"brand": "Natrel", "name": "Lactose Free Homogenized Milk", "total_price": 6.49, "unit_price": 0.32, "is_avalible": true, "merchant": "nofrills", "merchant_productId": "20838388", "image_link": "https://assets.shop.loblaws.ca/products/20838388/b1/en/front/20838388_front_a01_@2.png", "storeID": "", "size": {"amount": "2 l", "unit": "l"}}, {"brand": "Natrel", "name": "3.25% Lactose Free Enriched Milk", "total_price": 6.99, "unit_price": 0.35, "is_avalible": true, "merchant": "superstore", "merchant_productId": "21443660", "image_link": "https://assets.shop.loblaws.ca/products/21443660/b1/en/front/21443660_front_a01_@2.png", "storeID": "", "size": {"amount": "2 l", "unit": "l"}}, {"name": "Natrel Lactose Free 2%", "size": {"amount": "2", "unit": "L"}, "merchant_productId": "6000100070546", "total_price": "$5 - $10", "brand": "Natrel", "merchant": "Walmart", "onlineAvailable": "Out of Stock Online", "inStoreAvailable": "Sold in Stores", "image_link": "https://i5.walmartimages.com/asr/946b3db0-2a5c-4616-97cd-fa75b47474f6.db686a0237d775ce6f891dc477689b37.jpeg?odnHeight=180&odnWidth=180&odnBg=ffffff", "storeID": "", "unit_price": "Need exact Price"}]}, {"groupID": 17, "search_string": "milk", "products": [{"brand": "Natrel", "name": "Natrel 1% Milk Partly Skimmed 1 L", "total_price": "4.29", "unit_price": "0.43", "is_available": true, "image_link": "https://voila.ca/images-v3/2d92d19c-0354-49c0-8a91-5260ed0bf531/ebde0b24-3d4c-4f82-99cb-15b062ba6b39/300x300.jpg", "merchant": "Safeway", "storeID": "", "size": {"amount": "1L", "unit": "L"}, "merchant_productId": "71ad8633-1969-4b42-a0cf-4c2c976c8e3b"}]}, {"groupID": 18, "search_string": "milk", "products": [{"brand": "FAIRLIFE", "name": "Fairlife Lactose-Free Ultrafiltered 3.25% Whole Milk 1.5 L (bottle)", "total_price": "5.59", "unit_price": "0.37", "is_available": true, "image_link": "https://voila.ca/images-v3/2d92d19c-0354-49c0-8a91-5260ed0bf531/773d0eaa-5cc8-44c5-81dd-68b2a0b92ca0/300x300.jpg", "merchant": "Safeway", "storeID": "", "size": {"amount": "1.5L", "unit": "L"}, "merchant_productId": "5562bc7f-9751-4ff5-871d-333b617ee3e4"}, {"brand": "Fairlife", "name": "Lactose Free Whole Ultrafiltered Milk", "total_price": 5.49, "unit_price": 0.37, "is_avalible": true, "merchant": "nofrills", "merchant_productId": "21128348", "image_link": "https://assets.shop.loblaws.ca/products/21128348/b1/en/front/21128348_front_a01_@2.png", "storeID": "", "size": {"amount": "1.5 l", "unit": "l"}}, {"brand": "Fairlife", "name": "Lactose Free 2% Partly Skimmed Ultrafiltered Milk", "total_price": 5.79, "unit_price": 0.39, "is_avalible": true, "merchant": "superstore", "merchant_productId": "21128369", "image_link": "https://assets.shop.loblaws.ca/products/21128369/b1/en/front/21128369_front_a01_@2.png", "storeID": "", "size": {"amount": "1.5 l", "unit": "l"}}, {"name": "fairlife 2% Ultrafiltered Milk 1.5L Bottle", "size": {"amount": "1.5", "unit": "x"}, "merchant_productId": "6000198824294", "total_price": "$5 - $10", "brand": "fairlife", "merchant": "Walmart", "onlineAvailable": "Out of Stock Online", "inStoreAvailable": "Sold in Stores", "image_link": "https://i5.walmartimages.com/asr/ac21d463-6cfb-4d0b-a4e4-f916361c5a9d.0b4d0f83cbafedefa9c821a3f50ad422.jpeg?odnHeight=180&odnWidth=180&odnBg=ffffff", "storeID": "", "unit_price": "Need exact Price"}]}, {"groupID": 19, "search_string": "milk", "products": [{"brand": "Natrel", "name": "Natrel  0% Milk Skim 2 L", "total_price": "5.59", "unit_price": "0.28", "is_available": true, "image_link": "https://voila.ca/images-v3/2d92d19c-0354-49c0-8a91-5260ed0bf531/e6b6789b-64c6-43a2-bcda-1b0ad5f89419/300x300.jpg", "merchant": "Safeway", "storeID": "", "size": {"amount": "2L", "unit": "L"}, "merchant_productId": "5bac4505-0647-4f85-90c5-c69cc4fd4676"}, {"name": "Natrel Fine-filtered 2% Milk", "size": {"amount": "2", "unit": "L"}, "merchant_productId": "6000100070995", "total_price": "$3 - $5", "brand": "Natrel", "merchant": "Walmart", "onlineAvailable": "Out of Stock Online", "inStoreAvailable": "Sold in Stores", "image_link": "https://i5.walmartimages.com/asr/ce8b95a4-acff-4540-b50e-cbc5c75eeeb9.28bbca9231cbcff27ff6480724810e21.jpeg?odnHeight=180&odnWidth=180&odnBg=ffffff", "storeID": "", "unit_price": "Need exact Price"}]}, {"groupID": 20, "search_string": "milk", "products": [{"brand": "FAIRLIFE", "name": "Fairlife Lactose-Free Ultrafiltered 0% Milk Skim 1.5 L (bottle)", "total_price": "5.59", "unit_price": "0.37", "is_available": true, "image_link": "https://voila.ca/images-v3/2d92d19c-0354-49c0-8a91-5260ed0bf531/2dff43fa-95c0-4679-a1e4-5de2bfb54de3/300x300.jpg", "merchant": "Safeway", "storeID": "", "size": {"amount": "1.5L", "unit": "L"}, "merchant_productId": "cb45fe89-3c3f-4742-aa16-06f758ece169"}, {"brand": "Fairlife", "name": "Lactose Free Skim Ultrafiltered Milk", "total_price": 5.49, "unit_price": 0.37, "is_avalible": true, "merchant": "nofrills", "merchant_productId": "21128364", "image_link": "https://assets.shop.loblaws.ca/products/21128364/b1/en/front/21128364_front_a01_@2.png", "storeID": "", "size": {"amount": "1.5 l", "unit": "l"}}, {"brand": "Fairlife", "name": "Lactose Free 2% Partly Skimmed Ultrafiltered Milk", "total_price": 5.79, "unit_price": 0.39, "is_avalible": true, "merchant": "superstore", "merchant_productId": "21128369", "image_link": "https://assets.shop.loblaws.ca/products/21128369/b1/en/front/21128369_front_a01_@2.png", "storeID": "", "size": {"amount": "1.5 l", "unit": "l"}}, {"name": "fairlife 2% Ultrafiltered Milk 1.5L Bottle", "size": {"amount": "1.5", "unit": "x"}, "merchant_productId": "6000198824294", "total_price": "$5 - $10", "brand": "fairlife", "merchant": "Walmart", "onlineAvailable": "Out of Stock Online", "inStoreAvailable": "Sold in Stores", "image_link": "https://i5.walmartimages.com/asr/ac21d463-6cfb-4d0b-a4e4-f916361c5a9d.0b4d0f83cbafedefa9c821a3f50ad422.jpeg?odnHeight=180&odnWidth=180&odnBg=ffffff", "storeID": "", "unit_price": "Need exact Price"}]}, {"groupID": 21, "search_string": "milk", "products": [{"brand": "Natrel", "name": "Natrel Organic 2% Milk Partly Skimmed 2 L", "total_price": "7.19", "unit_price": "0.36", "is_available": true, "image_link": "https://voila.ca/images-v3/2d92d19c-0354-49c0-8a91-5260ed0bf531/bbec109b-9e95-4afe-8e5b-0bda1ee2fb8e/300x300.jpg", "merchant": "Safeway", "storeID": "", "size": {"amount": "2L", "unit": "L"}, "merchant_productId": "bea94bcd-2de7-4871-bff6-2c4dd1879cf2"}]}, {"groupID": 22, "search_string": "milk", "products": [{"brand": "Natrel", "name": "Natrel Plus Lactose-Free 2% Protein Milk 2 L", "total_price": "6.99", "unit_price": "0.35", "is_available": true, "image_link": "https://voila.ca/images-v3/2d92d19c-0354-49c0-8a91-5260ed0bf531/3f0a36e7-d8da-44a2-9fbd-53ee55e6c384/300x300.jpg", "merchant": "Safeway", "storeID": "", "size": {"amount": "2L", "unit": "L"}, "merchant_productId": "3b8b66a6-a493-43fc-a11d-f7a46dc84066"}, {"brand": "Natrel", "name": "Lactose Free Homogenized Milk", "total_price": 6.49, "unit_price": 0.32, "is_avalible": true, "merchant": "nofrills", "merchant_productId": "20838388", "image_link": "https://assets.shop.loblaws.ca/products/20838388/b1/en/front/20838388_front_a01_@2.png", "storeID": "", "size": {"amount": "2 l", "unit": "l"}}, {"brand": "Natrel", "name": "3.25% Lactose Free Enriched Milk", "total_price": 6.99, "unit_price": 0.35, "is_avalible": true, "merchant": "superstore", "merchant_productId": "21443660", "image_link": "https://assets.shop.loblaws.ca/products/21443660/b1/en/front/21443660_front_a01_@2.png", "storeID": "", "size": {"amount": "2 l", "unit": "l"}}, {"name": "Natrel Lactose Free 2%", "size": {"amount": "2", "unit": "L"}, "merchant_productId": "6000100070546", "total_price": "$5 - $10", "brand": "Natrel", "merchant": "Walmart", "onlineAvailable": "Out of Stock Online", "inStoreAvailable": "Sold in Stores", "image_link": "https://i5.walmartimages.com/asr/946b3db0-2a5c-4616-97cd-fa75b47474f6.db686a0237d775ce6f891dc477689b37.jpeg?odnHeight=180&odnWidth=180&odnBg=ffffff", "storeID": "", "unit_price": "Need exact Price"}]}, {"groupID": 23, "search_string": "milk", "products": [{"brand": "Natrel", "name": "Natrel Organic 3.8%  Milk 2 L", "total_price": "7.79", "unit_price": "0.39", "is_available": true, "image_link": "https://voila.ca/images-v3/2d92d19c-0354-49c0-8a91-5260ed0bf531/c6857f95-c5fc-411e-b5e7-90f775415cc4/300x300.jpg", "merchant": "Safeway", "storeID": "", "size": {"amount": "2L", "unit": "L"}, "merchant_productId": "1a421df3-09ea-44b9-b3b2-7204d23b7bd9"}, {"name": "Natrel Fine-filtered 2 %  Milk", "size": {"amount": "4", "unit": "L"}, "merchant_productId": "6000100070390", "total_price": "$5 - $10", "brand": "Natrel", "merchant": "Walmart", "onlineAvailable": "Out of Stock Online", "inStoreAvailable": "Sold in Stores", "image_link": "https://i5.walmartimages.com/asr/a6cb5a5b-0204-41d1-a8a3-492a4ae141af.10b6ad8ba56fd92b978ef10ec8ea4561.jpeg?odnHeight=180&odnWidth=180&odnBg=ffffff", "storeID": "", "unit_price": "Need exact Price"}]}, {"groupID": 24, "search_string": "milk", "products": [{"brand": "Fairlife", "name": "Fairlife Lactose-Free Ultrafiltered 1% Milk Partly Skimmed 1.5 L (bottle)", "total_price": "5.59", "unit_price": "0.37", "is_available": true, "image_link": "https://voila.ca/images-v3/2d92d19c-0354-49c0-8a91-5260ed0bf531/eb43ffa9-fe9f-4592-87a7-278f6f5de120/300x300.jpg", "merchant": "Safeway", "storeID": "", "size": {"amount": "1.5L", "unit": "L"}, "merchant_productId": "56240859-d7d5-4243-bb56-b32cc75c323f"}, {"brand": "Fairlife", "name": "Lactose Free Whole Ultrafiltered Milk", "total_price": 5.49, "unit_price": 0.37, "is_avalible": true, "merchant": "nofrills", "merchant_productId": "21128348", "image_link": "https://assets.shop.loblaws.ca/products/21128348/b1/en/front/21128348_front_a01_@2.png", "storeID": "", "size": {"amount": "1.5 l", "unit": "l"}}, {"brand": "Fairlife", "name": "Lactose Free 2% Partly Skimmed Ultrafiltered Milk", "total_price": 5.79, "unit_price": 0.39, "is_avalible": true, "merchant": "superstore", "merchant_productId": "21128369", "image_link": "https://assets.shop.loblaws.ca/products/21128369/b1/en/front/21128369_front_a01_@2.png", "storeID": "", "size": {"amount": "1.5 l", "unit": "l"}}, {"name": "fairlife 2% Ultrafiltered Milk 1.5L Bottle", "size": {"amount": "1.5", "unit": "x"}, "merchant_productId": "6000198824294", "total_price": "$5 - $10", "brand": "fairlife", "merchant": "Walmart", "onlineAvailable": "Out of Stock Online", "inStoreAvailable": "Sold in Stores", "image_link": "https://i5.walmartimages.com/asr/ac21d463-6cfb-4d0b-a4e4-f916361c5a9d.0b4d0f83cbafedefa9c821a3f50ad422.jpeg?odnHeight=180&odnWidth=180&odnBg=ffffff", "storeID": "", "unit_price": "Need exact Price"}]}, {"groupID": 25, "search_string": "milk", "products": [{"brand": "Natrel", "name": "Natrel Lactose-Free 2% Milk 4 L", "total_price": "10.29", "unit_price": "0.26", "is_available": true, "image_link": "https://voila.ca/images-v3/2d92d19c-0354-49c0-8a91-5260ed0bf531/cb804a6d-6f52-4c63-848c-3a66f6338168/300x300.jpg", "merchant": "Safeway", "storeID": "", "size": {"amount": "4L", "unit": "L"}, "merchant_productId": "8f962744-4ecb-49ac-9bbc-dca7f7a8c2dc"}, {"brand": "Natrel", "name": "Lactose Free Homogenized Milk", "total_price": 6.49, "unit_price": 0.32, "is_avalible": true, "merchant": "nofrills", "merchant_productId": "20838388", "image_link": "https://assets.shop.loblaws.ca/products/20838388/b1/en/front/20838388_front_a01_@2.png", "storeID": "", "size": {"amount": "2 l", "unit": "l"}}, {"brand": "Natrel", "name": "3.25% Lactose Free Enriched Milk", "total_price": 6.99, "unit_price": 0.35, "is_avalible": true, "merchant": "superstore", "merchant_productId": "21443660", "image_link": "https://assets.shop.loblaws.ca/products/21443660/b1/en/front/21443660_front_a01_@2.png", "storeID": "", "size": {"amount": "2 l", "unit": "l"}}, {"name": "Natrel Lactose Free 2%", "size": {"amount": "2", "unit": "L"}, "merchant_productId": "6000100070546", "total_price": "$5 - $10", "brand": "Natrel", "merchant": "Walmart", "onlineAvailable": "Out of Stock Online", "inStoreAvailable": "Sold in Stores", "image_link": "https://i5.walmartimages.com/asr/946b3db0-2a5c-4616-97cd-fa75b47474f6.db686a0237d775ce6f891dc477689b37.jpeg?odnHeight=180&odnWidth=180&odnBg=ffffff", "storeID": "", "unit_price": "Need exact Price"}]}, {"groupID": 26, "search_string": "milk", "products": [{"brand": "Natrel", "name": "Natrel Organic 2% Milk Partly Skimmed 4 L", "total_price": "11.19", "unit_price": "0.28", "is_available": true, "image_link": "https://voila.ca/images-v3/2d92d19c-0354-49c0-8a91-5260ed0bf531/042b1116-aff2-4901-a3b7-6f90b6411fe9/300x300.jpg", "merchant": "Safeway", "storeID": "", "size": {"amount": "4L", "unit": "L"}, "merchant_productId": "4a93310b-855e-4140-adfc-a74ded2901d7"}]}, {"groupID": 27, "search_string": "milk", "products": [{"brand": "Natrel", "name": "Natrel Lactose-Free 0% Skim Milk 2 L", "total_price": "6.39", "unit_price": "0.32", "is_available": true, "image_link": "https://voila.ca/images-v3/2d92d19c-0354-49c0-8a91-5260ed0bf531/3b96dda5-f12a-4990-895b-f58526c446f5/300x300.jpg", "merchant": "Safeway", "storeID": "", "size": {"amount": "2L", "unit": "L"}, "merchant_productId": "2cb7dd85-5419-45db-a507-94e967a4131d"}, {"brand": "Natrel", "name": "Lactose Free Homogenized Milk", "total_price": 6.49, "unit_price": 0.32, "is_avalible": true, "merchant": "nofrills", "merchant_productId": "20838388", "image_link": "https://assets.shop.loblaws.ca/products/20838388/b1/en/front/20838388_front_a01_@2.png", "storeID": "", "size": {"amount": "2 l", "unit": "l"}}, {"brand": "Natrel", "name": "3.25% Lactose Free Enriched Milk", "total_price": 6.99, "unit_price": 0.35, "is_avalible": true, "merchant": "superstore", "merchant_productId": "21443660", "image_link": "https://assets.shop.loblaws.ca/products/21443660/b1/en/front/21443660_front_a01_@2.png", "storeID": "", "size": {"amount": "2 l", "unit": "l"}}, {"name": "Natrel Lactose Free 2%", "size": {"amount": "2", "unit": "L"}, "merchant_productId": "6000100070546", "total_price": "$5 - $10", "brand": "Natrel", "merchant": "Walmart", "onlineAvailable": "Out of Stock Online", "inStoreAvailable": "Sold in Stores", "image_link": "https://i5.walmartimages.com/asr/946b3db0-2a5c-4616-97cd-fa75b47474f6.db686a0237d775ce6f891dc477689b37.jpeg?odnHeight=180&odnWidth=180&odnBg=ffffff", "storeID": "", "unit_price": "Need exact Price"}]}, {"groupID": 28, "search_string": "milk", "products": [{"brand": "Sealtest", "name": "Sealtest 3.25% Milk Homogenized 2 L", "total_price": "5.49", "unit_price": "0.27", "is_available": true, "image_link": "https://voila.ca/images-v3/2d92d19c-0354-49c0-8a91-5260ed0bf531/f0616f35-ed14-404c-895b-ab261dd6e5f9/300x300.jpg", "merchant": "Safeway", "storeID": "", "size": {"amount": "2L", "unit": "L"}, "merchant_productId": "79d45c91-ff04-42e7-b03a-3ab79eff8c82"}, {"name": "Sealtest Homogenized 3.25% Milk", "size": {"amount": "4", "unit": "L"}, "merchant_productId": "6000199047981", "total_price": "$5 - $10", "brand": "Sealtest", "merchant": "Walmart", "onlineAvailable": "Out of Stock Online", "inStoreAvailable": "Sold in Stores", "image_link": "https://i5.walmartimages.com/asr/edb69d2c-5e79-4a36-828d-b9857acc85aa.0f4fab962b5bdff5de309e4570f0f52a.jpeg?odnHeight=180&odnWidth=180&odnBg=ffffff", "storeID": "", "unit_price": "Need exact Price"}]}, {"groupID": 29, "search_string": "milk", "products": [{"brand": "Sealtest", "name": "Sealtest 2% Milk Partly Skimmed 473 ml", "total_price": "2.39", "unit_price": "0.51", "is_available": true, "image_link": "https://voila.ca/images-v3/2d92d19c-0354-49c0-8a91-5260ed0bf531/4029a73f-8415-4985-9e61-f0acbdbf5b3b/300x300.jpg", "merchant": "Safeway", "storeID": "", "size": {"amount": "473ml", "unit": "ml"}, "merchant_productId": "6aaa5cd7-b056-4345-a132-9b9369a0ec38"}, {"name": "Sealtest Partly Skimmed 2% Milk", "size": {"amount": "4", "unit": "L"}, "merchant_productId": "6000199044831", "total_price": "$5 - $10", "brand": "Sealtest", "merchant": "Walmart", "onlineAvailable": "Out of Stock Online", "inStoreAvailable": "Sold in Stores", "image_link": "https://i5.walmartimages.com/asr/b3a6f68b-48ac-44da-8792-d13a6fa95971.5add978c141ca5cd282151dc82ef7fd5.jpeg?odnHeight=180&odnWidth=180&odnBg=ffffff", "storeID": "", "unit_price": "Need exact Price"}]}, {"groupID": 30, "search_string": "milk", "products": [{"brand": "Natrel", "name": "Natrel Organic 3% Milk Whole 4 L", "total_price": "12.79", "unit_price": "0.32", "is_available": true, "image_link": "https://voila.ca/images-v3/2d92d19c-0354-49c0-8a91-5260ed0bf531/1130c123-de3a-461b-adb3-a0fcb61c2149/300x300.jpg", "merchant": "Safeway", "storeID": "", "size": {"amount": "4L", "unit": "L"}, "merchant_productId": "45bba9bc-ef69-4b72-a843-74afbaf3ba51"}, {"name": "Natrel Fine-filtered 2% Milk", "size": {"amount": "2", "unit": "L"}, "merchant_productId": "6000100070995", "total_price": "$3 - $5", "brand": "Natrel", "merchant": "Walmart", "onlineAvailable": "Out of Stock Online", "inStoreAvailable": "Sold in Stores", "image_link": "https://i5.walmartimages.com/asr/ce8b95a4-acff-4540-b50e-cbc5c75eeeb9.28bbca9231cbcff27ff6480724810e21.jpeg?odnHeight=180&odnWidth=180&odnBg=ffffff", "storeID": "", "unit_price": "Need exact Price"}]}, {"groupID": 31, "search_string": "milk", "products": [{"brand": "Natrel", "name": "Natrel Milk 0% Skimmed 4 L", "total_price": "6.59", "unit_price": "0.16", "is_available": true, "image_link": "https://voila.ca/images-v3/2d92d19c-0354-49c0-8a91-5260ed0bf531/7084df3f-ed50-4912-bd04-b99e162ab85d/300x300.jpg", "merchant": "Safeway", "storeID": "", "size": {"amount": "4L", "unit": "L"}, "merchant_productId": "e55a0973-7c1d-4cd6-af11-3f12ab8f5461"}]}, {"groupID": 32, "search_string": "milk", "products": [{"brand": "Sealtest", "name": "Sealtest 1% Milk Partly Skimmed 2 L", "total_price": "5.19", "unit_price": "0.26", "is_available": true, "image_link": "https://voila.ca/images-v3/2d92d19c-0354-49c0-8a91-5260ed0bf531/89a0e604-0032-4e05-af4a-08e9790ae5f0/300x300.jpg", "merchant": "Safeway", "storeID": "", "size": {"amount": "2L", "unit": "L"}, "merchant_productId": "6de76498-7e67-42a4-9ba6-c3901f3395a0"}, {"name": "Sealtest Partly Skimmed 2% Milk", "size": {"amount": "4", "unit": "L"}, "merchant_productId": "6000199044831", "total_price": "$5 - $10", "brand": "Sealtest", "merchant": "Walmart", "onlineAvailable": "Out of Stock Online", "inStoreAvailable": "Sold in Stores", "image_link": "https://i5.walmartimages.com/asr/b3a6f68b-48ac-44da-8792-d13a6fa95971.5add978c141ca5cd282151dc82ef7fd5.jpeg?odnHeight=180&odnWidth=180&odnBg=ffffff", "storeID": "", "unit_price": "Need exact Price"}]}, {"groupID": 33, "search_string": "milk", "products": [{"brand": "Natrel", "name": "Natrel Lactose-Free 3.25% Milk Homogenized 2 L", "total_price": "6.39", "unit_price": "0.32", "is_available": true, "image_link": "https://voila.ca/images-v3/2d92d19c-0354-49c0-8a91-5260ed0bf531/16dbc743-62a7-428b-9cd1-9b0078235fb7/300x300.jpg", "merchant": "Safeway", "storeID": "", "size": {"amount": "2L", "unit": "L"}, "merchant_productId": "66f91807-7b9d-41d9-999f-5dc12a29cf2b"}, {"brand": "Natrel", "name": "Lactose Free Homogenized Milk", "total_price": 6.49, "unit_price": 0.32, "is_avalible": true, "merchant": "nofrills", "merchant_productId": "20838388", "image_link": "https://assets.shop.loblaws.ca/products/20838388/b1/en/front/20838388_front_a01_@2.png", "storeID": "", "size": {"amount": "2 l", "unit": "l"}}, {"name": "Natrel Fine-filtered 3.25% Homogenized Milk", "size": {"amount": "4", "unit": "L"}, "merchant_productId": "6000100070594", "total_price": "$5 - $10", "brand": "Natrel", "merchant": "Walmart", "onlineAvailable": "Out of Stock Online", "inStoreAvailable": "Sold in Stores", "image_link": "https://i5.walmartimages.com/asr/991ae9bb-0947-4890-b635-c4b3accf1b19.360a36164016a9207bdc86631fcffe3c.jpeg?odnHeight=180&odnWidth=180&odnBg=ffffff", "storeID": "", "unit_price": "Need exact Price"}]}, {"groupID": 34, "search_string": "milk", "products": [{"brand": "Sealtest", "name": "Sealtest  3.25 % Milk Homogenized 1 L", "total_price": "3.79", "unit_price": "0.38", "is_available": true, "image_link": "https://voila.ca/images-v3/2d92d19c-0354-49c0-8a91-5260ed0bf531/40efdcd0-9b2e-45d3-8b6b-d44632c01963/300x300.jpg", "merchant": "Safeway", "storeID": "", "size": {"amount": "1000ml", "unit": "ml"}, "merchant_productId": "2b09e8cb-4566-429e-b812-8a76159d4b13"}, {"name": "Sealtest Homogenized 3.25% Milk", "size": {"amount": "4", "unit": "L"}, "merchant_productId": "6000199047981", "total_price": "$5 - $10", "brand": "Sealtest", "merchant": "Walmart", "onlineAvailable": "Out of Stock Online", "inStoreAvailable": "Sold in Stores", "image_link": "https://i5.walmartimages.com/asr/edb69d2c-5e79-4a36-828d-b9857acc85aa.0f4fab962b5bdff5de309e4570f0f52a.jpeg?odnHeight=180&odnWidth=180&odnBg=ffffff", "storeID": "", "unit_price": "Need exact Price"}]}, {"groupID": 35, "search_string": "milk", "products": [{"brand": "Sealtest", "name": "Sealtest 1% Milk Partly Skimmed  1 L", "total_price": "3.59", "unit_price": "0.36", "is_available": true, "image_link": "https://voila.ca/images-v3/2d92d19c-0354-49c0-8a91-5260ed0bf531/89c046d1-96ba-48ce-bb6b-aa95591d950d/300x300.jpg", "merchant": "Safeway", "storeID": "", "size": {"amount": "1000ml", "unit": "ml"}, "merchant_productId": "5c983aa1-0f4a-4ded-bfe5-f7c186cd24c3"}, {"name": "Sealtest Partly Skimmed 1% Milk", "size": {"amount": "4", "unit": "L"}, "merchant_productId": "6000199044319", "total_price": "$5 - $10", "brand": "Sealtest", "merchant": "Walmart", "onlineAvailable": "Out of Stock Online", "inStoreAvailable": "Sold in Stores", "image_link": "https://i5.walmartimages.com/asr/ee9c33db-4fd9-43fc-97d7-36c1703f2dec.8a3c5c36c879a5619e7d0efb293d3bbd.jpeg?odnHeight=180&odnWidth=180&odnBg=ffffff", "storeID": "", "unit_price": "Need exact Price"}]}, {"groupID": 36, "search_string": "milk", "products": [{"brand": "Natrel", "name": "Natrel Lactose-Free 2% Milk 1 L", "total_price": "4.49", "unit_price": "0.45", "is_available": true, "image_link": "https://voila.ca/images-v3/2d92d19c-0354-49c0-8a91-5260ed0bf531/6c54b33f-f217-4702-a36d-a2c263723e31/300x300.jpg", "merchant": "Safeway", "storeID": "", "size": {"amount": "1000ml", "unit": "ml"}, "merchant_productId": "f23b69a2-8674-4df4-858c-5216a08699b9"}, {"brand": "Natrel", "name": "Lactose Free Homogenized Milk", "total_price": 6.49, "unit_price": 0.32, "is_avalible": true, "merchant": "nofrills", "merchant_productId": "20838388", "image_link": "https://assets.shop.loblaws.ca/products/20838388/b1/en/front/20838388_front_a01_@2.png", "storeID": "", "size": {"amount": "2 l", "unit": "l"}}, {"brand": "Natrel", "name": "3.25% Lactose Free Enriched Milk", "total_price": 6.99, "unit_price": 0.35, "is_avalible": true, "merchant": "superstore", "merchant_productId": "21443660", "image_link": "https://assets.shop.loblaws.ca/products/21443660/b1/en/front/21443660_front_a01_@2.png", "storeID": "", "size": {"amount": "2 l", "unit": "l"}}, {"name": "Natrel Lactose Free 2%", "size": {"amount": "2", "unit": "L"}, "merchant_productId": "6000100070546", "total_price": "$5 - $10", "brand": "Natrel", "merchant": "Walmart", "onlineAvailable": "Out of Stock Online", "inStoreAvailable": "Sold in Stores", "image_link": "https://i5.walmartimages.com/asr/946b3db0-2a5c-4616-97cd-fa75b47474f6.db686a0237d775ce6f891dc477689b37.jpeg?odnHeight=180&odnWidth=180&odnBg=ffffff", "storeID": "", "unit_price": "Need exact Price"}]}, {"groupID": 37, "search_string": "milk", "products": [{"brand": "Natrel", "name": "Natrel 3.25% Milk Fine-Filtered Homogenized 1 L", "total_price": "4.49", "unit_price": "0.45", "is_available": true, "image_link": "https://voila.ca/images-v3/2d92d19c-0354-49c0-8a91-5260ed0bf531/c0acfda8-bafa-414e-b16a-2ce1a5473a23/300x300.jpg", "merchant": "Safeway", "storeID": "", "size": {"amount": "1L", "unit": "L"}, "merchant_productId": "e395fd02-dbc1-42b3-b10a-177afcdd9429"}, {"brand": "Natrel", "name": "Lactose Free Homogenized Milk", "total_price": 6.49, "unit_price": 0.32, "is_avalible": true, "merchant": "nofrills", "merchant_productId": "20838388", "image_link": "https://assets.shop.loblaws.ca/products/20838388/b1/en/front/20838388_front_a01_@2.png", "storeID": "", "size": {"amount": "2 l", "unit": "l"}}, {"name": "Natrel Fine-filtered 3.25% Homogenized Milk", "size": {"amount": "4", "unit": "L"}, "merchant_productId": "6000100070594", "total_price": "$5 - $10", "brand": "Natrel", "merchant": "Walmart", "onlineAvailable": "Out of Stock Online", "inStoreAvailable": "Sold in Stores", "image_link": "https://i5.walmartimages.com/asr/991ae9bb-0947-4890-b635-c4b3accf1b19.360a36164016a9207bdc86631fcffe3c.jpeg?odnHeight=180&odnWidth=180&odnBg=ffffff", "storeID": "", "unit_price": "Need exact Price"}]}, {"groupID": 38, "search_string": "milk", "products": [{"brand": "Natrel", "name": "Natrel Organic 2% Milk Partly Skimmed 1 L", "total_price": "4.79", "unit_price": "0.48", "is_available": true, "image_link": "https://voila.ca/images-v3/2d92d19c-0354-49c0-8a91-5260ed0bf531/71f39343-e715-454b-9bce-1e50cd2627f1/300x300.jpg", "merchant": "Safeway", "storeID": "", "size": {"amount": "1L", "unit": "L"}, "merchant_productId": "66ef502d-c461-4e61-9ba9-dc6f9d5756ca"}]}, {"groupID": 39, "search_string": "milk", "products": [{"brand": "Natrel", "name": "Natrel Lactose-Free 1% Milk 1 L", "total_price": "4.49", "unit_price": "0.45", "is_available": true, "image_link": "https://voila.ca/images-v3/2d92d19c-0354-49c0-8a91-5260ed0bf531/c04b160c-e5d7-4b72-89bf-dfa0cef76f5f/300x300.jpg", "merchant": "Safeway", "storeID": "", "size": {"amount": "1000ml", "unit": "ml"}, "merchant_productId": "3b3334e5-683b-4fc3-bcf6-d5453f765bc2"}, {"brand": "Natrel", "name": "Lactose Free Homogenized Milk", "total_price": 6.49, "unit_price": 0.32, "is_avalible": true, "merchant": "nofrills", "merchant_productId": "20838388", "image_link": "https://assets.shop.loblaws.ca/products/20838388/b1/en/front/20838388_front_a01_@2.png", "storeID": "", "size": {"amount": "2 l", "unit": "l"}}, {"brand": "Natrel", "name": "3.25% Lactose Free Enriched Milk", "total_price": 6.99, "unit_price": 0.35, "is_avalible": true, "merchant": "superstore", "merchant_productId": "21443660", "image_link": "https://assets.shop.loblaws.ca/products/21443660/b1/en/front/21443660_front_a01_@2.png", "storeID": "", "size": {"amount": "2 l", "unit": "l"}}, {"name": "Natrel Lactose Free 2%", "size": {"amount": "2", "unit": "L"}, "merchant_productId": "6000100070546", "total_price": "$5 - $10", "brand": "Natrel", "merchant": "Walmart", "onlineAvailable": "Out of Stock Online", "inStoreAvailable": "Sold in Stores", "image_link": "https://i5.walmartimages.com/asr/946b3db0-2a5c-4616-97cd-fa75b47474f6.db686a0237d775ce6f891dc477689b37.jpeg?odnHeight=180&odnWidth=180&odnBg=ffffff", "storeID": "", "unit_price": "Need exact Price"}]}, {"groupID": 40, "search_string": "milk", "products": [{"brand": "Natrel", "name": "Natrel Organic 1% Milk Partly Skimmed 2 L", "total_price": "7.19", "unit_price": "0.36", "is_available": true, "image_link": "https://voila.ca/images-v3/2d92d19c-0354-49c0-8a91-5260ed0bf531/d348bc96-aaf5-4acb-ae37-4b0797487128/300x300.jpg", "merchant": "Safeway", "storeID": "", "size": {"amount": "2L", "unit": "L"}, "merchant_productId": "16557dae-a508-434a-bd24-d8b1e4ade7bf"}]}, {"groupID": 41, "search_string": "milk", "products": [{"brand": "Natrel", "name": "Natrel Lactose-Free 1% Milk 4 L", "total_price": "10.29", "unit_price": "0.26", "is_available": true, "image_link": "https://voila.ca/images-v3/2d92d19c-0354-49c0-8a91-5260ed0bf531/4586a1c6-0cf2-4b67-a16f-789b3e73bbf4/300x300.jpg", "merchant": "Safeway", "storeID": "", "size": {"amount": "4L", "unit": "L"}, "merchant_productId": "06020185-8601-4207-a69b-1e4752ab93c9"}, {"brand": "Natrel", "name": "Lactose Free Homogenized Milk", "total_price": 6.49, "unit_price": 0.32, "is_avalible": true, "merchant": "nofrills", "merchant_productId": "20838388", "image_link": "https://assets.shop.loblaws.ca/products/20838388/b1/en/front/20838388_front_a01_@2.png", "storeID": "", "size": {"amount": "2 l", "unit": "l"}}, {"brand": "Natrel", "name": "3.25% Lactose Free Enriched Milk", "total_price": 6.99, "unit_price": 0.35, "is_avalible": true, "merchant": "superstore", "merchant_productId": "21443660", "image_link": "https://assets.shop.loblaws.ca/products/21443660/b1/en/front/21443660_front_a01_@2.png", "storeID": "", "size": {"amount": "2 l", "unit": "l"}}, {"name": "Natrel Lactose Free 2%", "size": {"amount": "2", "unit": "L"}, "merchant_productId": "6000100070546", "total_price": "$5 - $10", "brand": "Natrel", "merchant": "Walmart", "onlineAvailable": "Out of Stock Online", "inStoreAvailable": "Sold in Stores", "image_link": "https://i5.walmartimages.com/asr/946b3db0-2a5c-4616-97cd-fa75b47474f6.db686a0237d775ce6f891dc477689b37.jpeg?odnHeight=180&odnWidth=180&odnBg=ffffff", "storeID": "", "unit_price": "Need exact Price"}]}, {"groupID": 42, "search_string": "milk", "products": [{"brand": "Sealtest", "name": "Sealtest 1% Buttermilk 1 L", "total_price": "4.29", "unit_price": "4.29", "is_available": true, "image_link": "https://voila.ca/images-v3/2d92d19c-0354-49c0-8a91-5260ed0bf531/30e5991c-a870-4602-896d-dd4d58c4f85e/300x300.jpg", "merchant": "Safeway", "storeID": "", "size": {"amount": "1L", "unit": "L"}, "merchant_productId": "e5ac19da-c785-456d-b48b-7a61ff72845b"}, {"name": "Sealtest 2% Milk", "size": {"amount": "473", "unit": "mL"}, "merchant_productId": "6000199053563", "total_price": "$1 - $3", "brand": "Sealtest", "merchant": "Walmart", "onlineAvailable": "Out of Stock Online", "inStoreAvailable": "Sold in Stores", "image_link": "https://i5.walmartimages.com/asr/8ec30700-566c-46b7-981a-5d19111b358b.0e8e6aaa9d8a18568fd2651081a4ee20.jpeg?odnHeight=180&odnWidth=180&odnBg=ffffff", "storeID": "", "unit_price": "Need exact Price"}]}, {"groupID": 43, "search_string": "milk", "products": [{"brand": "Natrel", "name": "Natrel 0% Milk Skimmed 1 L", "total_price": "4.29", "unit_price": "0.43", "is_available": true, "image_link": "https://voila.ca/images-v3/2d92d19c-0354-49c0-8a91-5260ed0bf531/f32ec502-d0e4-4c10-9c2c-c332d7c461e8/300x300.jpg", "merchant": "Safeway", "storeID": "", "size": {"amount": "1L", "unit": "L"}, "merchant_productId": "03275f52-aca6-473c-b4c8-948b28df3dc1"}]}, {"groupID": 44, "search_string": "milk", "products": [{"brand": "Sealtest", "name": "Sealtest 0%  Milk Skim 2 L", "total_price": "5.19", "unit_price": "0.26", "is_available": true, "image_link": "https://voila.ca/images-v3/2d92d19c-0354-49c0-8a91-5260ed0bf531/b40bd9fc-8cc3-4ccc-93c5-e84b46293687/300x300.jpg", "merchant": "Safeway", "storeID": "", "size": {"amount": "2L", "unit": "L"}, "merchant_productId": "77958a55-026b-4315-a2d6-75ea7bd7078e"}, {"name": "Sealtest 2% Milk", "size": {"amount": "473", "unit": "mL"}, "merchant_productId": "6000199053563", "total_price": "$1 - $3", "brand": "Sealtest", "merchant": "Walmart", "onlineAvailable": "Out of Stock Online", "inStoreAvailable": "Sold in Stores", "image_link": "https://i5.walmartimages.com/asr/8ec30700-566c-46b7-981a-5d19111b358b.0e8e6aaa9d8a18568fd2651081a4ee20.jpeg?odnHeight=180&odnWidth=180&odnBg=ffffff", "storeID": "", "unit_price": "Need exact Price"}]}, {"groupID": 45, "search_string": "milk", "products": [{"brand": "Natrel", "name": "Natrel Plus Lactose Free 3.25% Protein Milk  2 L", "total_price": "6.99", "unit_price": "0.35", "is_available": true, "image_link": "https://voila.ca/images-v3/2d92d19c-0354-49c0-8a91-5260ed0bf531/170ad517-9f5f-473d-8dd4-70da307d0f4b/300x300.jpg", "merchant": "Safeway", "storeID": "", "size": {"amount": "2L", "unit": "L"}, "merchant_productId": "6956e2c6-9dd6-4702-af45-af4832f5afe2"}, {"brand": "Natrel", "name": "Lactose Free Homogenized Milk", "total_price": 6.49, "unit_price": 0.32, "is_avalible": true, "merchant": "nofrills", "merchant_productId": "20838388", "image_link": "https://assets.shop.loblaws.ca/products/20838388/b1/en/front/20838388_front_a01_@2.png", "storeID": "", "size": {"amount": "2 l", "unit": "l"}}, {"brand": "Natrel", "name": "3.25% Lactose Free Enriched Milk", "total_price": 6.99, "unit_price": 0.35, "is_avalible": true, "merchant": "superstore", "merchant_productId": "21443660", "image_link": "https://assets.shop.loblaws.ca/products/21443660/b1/en/front/21443660_front_a01_@2.png", "storeID": "", "size": {"amount": "2 l", "unit": "l"}}, {"name": "Natrel Lactose Free 2%", "size": {"amount": "2", "unit": "L"}, "merchant_productId": "6000100070546", "total_price": "$5 - $10", "brand": "Natrel", "merchant": "Walmart", "onlineAvailable": "Out of Stock Online", "inStoreAvailable": "Sold in Stores", "image_link": "https://i5.walmartimages.com/asr/946b3db0-2a5c-4616-97cd-fa75b47474f6.db686a0237d775ce6f891dc477689b37.jpeg?odnHeight=180&odnWidth=180&odnBg=ffffff", "storeID": "", "unit_price": "Need exact Price"}]}, {"groupID": 46, "search_string": "milk", "products": [{"brand": "Sealtest", "name": "Sealtest 0% Milk Skim 1 L", "total_price": "3.59", "unit_price": "0.36", "is_available": true, "image_link": "https://voila.ca/images-v3/2d92d19c-0354-49c0-8a91-5260ed0bf531/3a8b4db8-8033-496b-87b6-69e6bdfbca18/300x300.jpg", "merchant": "Safeway", "storeID": "", "size": {"amount": "1L", "unit": "L"}, "merchant_productId": "0a9b41ea-78dc-4367-8cf8-47414c20770c"}, {"name": "Sealtest 2% Milk", "size": {"amount": "473", "unit": "mL"}, "merchant_productId": "6000199053563", "total_price": "$1 - $3", "brand": "Sealtest", "merchant": "Walmart", "onlineAvailable": "Out of Stock Online", "inStoreAvailable": "Sold in Stores", "image_link": "https://i5.walmartimages.com/asr/8ec30700-566c-46b7-981a-5d19111b358b.0e8e6aaa9d8a18568fd2651081a4ee20.jpeg?odnHeight=180&odnWidth=180&odnBg=ffffff", "storeID": "", "unit_price": "Need exact Price"}]}, {"groupID": 47, "search_string": "milk", "products": [{"brand": "Natrel", "name": "Natrel Organic 3.8% Milk Whole 1 L", "total_price": "5.19", "unit_price": "0.52", "is_available": true, "image_link": "https://voila.ca/images-v3/2d92d19c-0354-49c0-8a91-5260ed0bf531/8f6723ac-e20e-4059-ac01-c41720ae36c8/300x300.jpg", "merchant": "Safeway", "storeID": "", "size": {"amount": "1L", "unit": "L"}, "merchant_productId": "373c376a-28a1-4dd9-8deb-b3cf5a930ee0"}]}, {"groupID": 48, "search_string": "milk", "products": [{"brand": "Rolling Meadow Dairy", "name": "Rolling Meadow Dairy 2% Milk Grass Fed 2 L", "total_price": "7.29", "unit_price": "0.36", "is_available": true, "image_link": "https://voila.ca/images-v3/2d92d19c-0354-49c0-8a91-5260ed0bf531/5538d4a5-5654-4892-98b5-124b5be8e2f7/300x300.jpg", "merchant": "Safeway", "storeID": "", "size": {"amount": "2L", "unit": "L"}, "merchant_productId": "841011ea-ca57-42bf-96be-a89c71868041"}]}, {"groupID": 49, "search_string": "milk", "products": [{"brand": "Natrel", "name": "Natrel Lactose-Free 0% Milk 1 L", "total_price": "4.49", "unit_price": "0.45", "is_available": true, "image_link": "https://voila.ca/images-v3/2d92d19c-0354-49c0-8a91-5260ed0bf531/18817a39-85ec-493e-99b2-d82d9be85f2f/300x300.jpg", "merchant": "Safeway", "storeID": "", "size": {"amount": "1000ml", "unit": "ml"}, "merchant_productId": "2fc84927-c853-4e9b-a40e-18e4d6db5ffb"}, {"brand": "Natrel", "name": "Lactose Free Homogenized Milk", "total_price": 6.49, "unit_price": 0.32, "is_avalible": true, "merchant": "nofrills", "merchant_productId": "20838388", "image_link": "https://assets.shop.loblaws.ca/products/20838388/b1/en/front/20838388_front_a01_@2.png", "storeID": "", "size": {"amount": "2 l", "unit": "l"}}, {"brand": "Natrel", "name": "3.25% Lactose Free Enriched Milk", "total_price": 6.99, "unit_price": 0.35, "is_avalible": true, "merchant": "superstore", "merchant_productId": "21443660", "image_link": "https://assets.shop.loblaws.ca/products/21443660/b1/en/front/21443660_front_a01_@2.png", "storeID": "", "size": {"amount": "2 l", "unit": "l"}}, {"name": "Natrel Lactose Free 2%", "size": {"amount": "2", "unit": "L"}, "merchant_productId": "6000100070546", "total_price": "$5 - $10", "brand": "Natrel", "merchant": "Walmart", "onlineAvailable": "Out of Stock Online", "inStoreAvailable": "Sold in Stores", "image_link": "https://i5.walmartimages.com/asr/946b3db0-2a5c-4616-97cd-fa75b47474f6.db686a0237d775ce6f891dc477689b37.jpeg?odnHeight=180&odnWidth=180&odnBg=ffffff", "storeID": "", "unit_price": "Need exact Price"}]}, {"groupID": 50, "search_string": "milk", "products": [{"brand": "Natrel", "name": "Natrel Organic 1% Milk Partly Skimmed  4 L", "total_price": "11.19", "unit_price": "0.28", "is_available": true, "image_link": "https://voila.ca/images-v3/2d92d19c-0354-49c0-8a91-5260ed0bf531/7a089dd3-f0da-4842-859b-9a0419638230/300x300.jpg", "merchant": "Safeway", "storeID": "", "size": {"amount": "4L", "unit": "L"}, "merchant_productId": "4789bba3-dcbd-4b78-af2a-be0af14debdc"}]}]